@article{ondrej2007algorithmic,
	title 	= {Algorithmic and mathematical principles of automatic number plate recognition systems},
	author 	= {Ondrej, Martinsk{\`y} and Zboril Frantisek, V and Martin, Drahansk{\`y}},
	journal = {BRNO University of technology},
	pages 	= {10},
	year 	= {2007}
}

@ONLINE{source-car-fig,
	title 	= {Car source image},
	url 	= {http://pics.auto-commerce.eu/ac1414/foto/large_139452873607.JPG},
	lastvisited = {2014-06-04}
}

@book{berger1987geometry,
  title 	= {Geometry I},
  author 	= {Berger, M. and Levy, S.},
  isbn 		= {9783540116585},
  lccn 		= {94242207},
  series 	= {Geometry /Marcel Berger ; Translated from the French by M. Cole Abd S. Leavy},
  url 		= {http://books.google.nl/books?id=5W6cnfQegYcC},
  year 		= {1987},
  publisher = {Springer}
}
